<?xml version="1.0" encoding="UTF-8"?><collection xmlns="http://www.loc.gov/MARC21/slim"><record><leader>00311nam--2200121-i-4500</leader><controlfield tag="001">000003565</controlfield><controlfield tag="002">20161230</controlfield><controlfield tag="005">20161230201025</controlfield><controlfield tag="008">060222s1000------------r-----000-0-eng-d</controlfield><datafield ind1=" " ind2=" " tag="100"><subfield code="a">Barkausen, H</subfield></datafield><datafield ind1=" " ind2=" " tag="245"><subfield code="a">Les tubes electroniques et leurs apllications</subfield></datafield><datafield ind1=" " ind2=" " tag="260"><subfield code="a">Paris, Dunod, 1949. 228 P + 1 Fig</subfield></datafield><datafield ind1=" " ind2=" " tag="852"><subfield code="a">1127</subfield></datafield></record></collection>